@online{SpringBoot,
  title = {Spring Boot [Электронный ресурс]},
  url = {https://spring.io/projects/spring-boot},
  language = {english},
  urldate = {2024-05-25},
  year = {2024}
}

@online{Spring.NET,
  title = {Spring.NET Application Framework [Электронный ресурс]},
  url = {http://www.springframework.net/},
  language = {english},
  urldate = {2024-05-26},
  year = {2024}
}

@online{ReactDevBlog,
  title = {Блог о React},
  url = {https://react.dev/blog},
  language = {russian},
  urldate = {2024-05-29},
  year = {2024}
}